@abbreviation{lcfrs,
    short={lcfrs},
    long={linear context-free rewriting system},
}

@abbreviation{dcp,
    short={dcp},
    long={definite clause program}
}

@entry{family,
    name={indexed family},
    plural={indexed families}
}

@abbreviation{lcomp,
    long={\gls{lcfrs} composition},
    short={composition},
    category={common}
}

@abbreviation{dcomp,
    long={\gls{dcp} composition},
    short={composition},
    category={common}
}

@abbreviation{lhs,
    long={left-hand side},
    short={lhs}
}

@abbreviation{rhs,
    long={right-hand side},
    short={rhs}
}

@abbreviation{lderiv,
    long={\gls{lcfrs} derivation},
    short={derivation},
    category={common}
}

@abbreviation{dderiv,
    long={\gls{dcp} derivation},
    short={derivation},
    category={common}
}